<record xmlns="http://www.loc.gov/MARC21/slim" xmlns:xsi="http://www.w3.org/2001/XMLSchema-instance" xsi:schemaLocation="http://www.loc.gov/MARC21/slim http://www.loc.gov/standards/marcxml/schema/MARC21slim.xsd"><leader>00552cz   2200169n  4500</leader><controlfield tag="001">oca01917818 </controlfield><controlfield tag="005">19950306053526.0</controlfield><controlfield tag="008">870813n| acannaab|          |a aaa ||| c</controlfield><datafield ind1=" " ind2=" " tag="010"><subfield code="a">n  85122338 </subfield></datafield><datafield ind1=" " ind2=" " tag="040"><subfield code="a">Uk/ESTC-NA</subfield><subfield code="c">DLC</subfield><subfield code="d">DLC</subfield><subfield code="d">CoU</subfield></datafield><datafield ind1="0" ind2=" " tag="100"><subfield code="a">Dinarchus</subfield></datafield><datafield ind1="0" ind2=" " tag="400"><subfield code="a">Deinarchos</subfield></datafield><datafield ind1="0" ind2=" " tag="400"><subfield code="a">Dinarque</subfield></datafield><datafield ind1=" " ind2=" " tag="667"><subfield code="a">Data provided by the ESTC/BL</subfield></datafield><datafield ind1=" " ind2=" " tag="670"><subfield code="a">Demosthenes. The orations of Demosthenes, 1763:</subfield><subfield code="b">t.p. (of Dinarchus)</subfield></datafield><datafield ind1=" " ind2=" " tag="670"><subfield code="a">Oxford classical dictionary, 1970</subfield><subfield code="b">(Dinarchus, ca. 360-ca. 290)</subfield></datafield><datafield ind1=" " ind2=" " tag="670"><subfield code="a">Dinarchus. Discours, 1990:</subfield><subfield code="b">t.p. (Dinarque)</subfield></datafield></record>